@article{pollard1975monte,
  title={A Monte Carlo method for factorization},
  author={Pollard, John M},
  journal={BIT Numerical Mathematics},
  volume={15},
  number={3},
  pages={331--334},
  year={1975},
  publisher={Springer}
}

@article{brent1980improved,
  title={An improved Monte Carlo factorization algorithm},
  author={Brent, Richard P},
  journal={BIT Numerical Mathematics},
  volume={20},
  number={2},
  pages={176--184},
  year={1980},
  publisher={Springer}
}

